<?xml version="1.0" encoding="UTF-8"?><collection xmlns="http://www.loc.gov/MARC21/slim"><record><leader>00425nam--2200145-i-4500</leader><controlfield tag="001">000003278</controlfield><controlfield tag="002">20161230</controlfield><controlfield tag="005">20170305200738</controlfield><controlfield tag="008">060222s1000------------r-----000-0-eng-d</controlfield><datafield ind1=" " ind2=" " tag="100"><subfield code="a">Carleman, T</subfield></datafield><datafield ind1=" " ind2=" " tag="245"><subfield code="a">Problemes mathematiques dans la theorie cineti que des gaz</subfield></datafield><datafield ind1=" " ind2=" " tag="260"><subfield code="a">Uppsala</subfield><subfield code="b">Almqvist</subfield><subfield code="c">1957</subfield></datafield><datafield ind1=" " ind2=" " tag="300"><subfield code="a">112 p</subfield></datafield><datafield ind1=" " ind2=" " tag="490"><subfield code="a">Publications Scientifiques De L Institut Mitta G-leffler</subfield></datafield><datafield ind1=" " ind2=" " tag="CAT"><subfield code="a">SYS</subfield><subfield code="c">20170305</subfield><subfield code="h">200738</subfield></datafield></record></collection>